<record><leader>00000cas a22000007a 4500</leader><controlfield tag="001">10882581</controlfield><controlfield tag="008">840625d18601865iauwr ne      0    0eng d</controlfield><datafield ind1=" " ind2=" " tag="010"><subfield code="a">sn 84027111 </subfield></datafield><datafield ind1=" " ind2=" " tag="040"><subfield code="a">NPU</subfield><subfield code="b">eng</subfield><subfield code="c">NPU</subfield><subfield code="d">INP</subfield><subfield code="d">OCLCQ</subfield></datafield><datafield ind1=" " ind2=" " tag="042"><subfield code="a">msc</subfield></datafield><datafield ind1="0" ind2=" " tag="130"><subfield code="a">Iowa State register (Des Moines, Iowa : 1860)</subfield></datafield><datafield ind1="1" ind2="4" tag="245"><subfield code="a">The Iowa State register.</subfield></datafield><datafield ind1=" " ind2=" " tag="260"><subfield code="a">City of Des Moines [Iowa] :</subfield><subfield code="b">J. Teesdale,</subfield><subfield code="c">1860-1865.</subfield></datafield><datafield ind1=" " ind2=" " tag="300"><subfield code="a">6 v. ;</subfield><subfield code="c">69 cm.</subfield></datafield><datafield ind1=" " ind2=" " tag="310"><subfield code="a">Weekly</subfield></datafield><datafield ind1="0" ind2=" " tag="362"><subfield code="a">Vol. 5, no. 1 (Feb, 15, 1860)-v. 10, no. 4 (Feb. 22, 1865) = Whole no. 209-whole no. 471.</subfield></datafield><datafield ind1=" " ind2=" " tag="500"><subfield code="a">"Our platform -- broad as the Union, national as the Constitution."</subfield></datafield><datafield ind1=" " ind2=" " tag="500"><subfield code="a">Publishers: J. Teesdale, Feb. 15, 1860-May 8, 1861; F.W. Palmer, May 15, 1861-Feb. 22, 1865.</subfield></datafield><datafield ind1=" " ind2=" " tag="752"><subfield code="a">United States</subfield><subfield code="b">Iowa</subfield><subfield code="c">Polk</subfield><subfield code="d">Des Moines.</subfield></datafield><datafield ind1="0" ind2=" " tag="775"><subfield code="t">Daily Iowa state register (Des Moines, Iowa : 1860)</subfield><subfield code="w">(DLC)sn 85049891</subfield><subfield code="g">Feb. 15-&lt;May 24, 1861&gt;</subfield></datafield><datafield ind1="0" ind2=" " tag="775"><subfield code="t">Daily state register (Des Moines, Iowa : 1861)</subfield><subfield code="w">(DLC)sn 87057351</subfield><subfield code="g">&lt;May 27-30, 1861&gt;</subfield></datafield><datafield ind1="0" ind2=" " tag="775"><subfield code="t">Daily Iowa state register (Des Moines, Iowa : 1861)</subfield><subfield code="w">(DLC)sn 87057152</subfield><subfield code="g">&lt;June 13, 1861&gt;</subfield></datafield><datafield ind1="0" ind2=" " tag="775"><subfield code="t">Iowa state register (Des Moines, Iowa : 1862)</subfield><subfield code="w">(DLC)sn 85049892</subfield><subfield code="g">&lt;Jan. 14&gt;-Jan. 15, 1862</subfield></datafield><datafield ind1="0" ind2=" " tag="775"><subfield code="t">Daily state register (Des Moines, Iowa : 1862)</subfield><subfield code="w">(DLC)sn 85049893</subfield><subfield code="g">Jan. 16, 1862-&lt;Jan. 1, 1865&gt;</subfield></datafield><datafield ind1="0" ind2=" " tag="775"><subfield code="t">Daily Iowa state register (Des Moines, Iowa : 1865)</subfield><subfield code="w">(DLC)sn 82015547</subfield><subfield code="g">&lt;Jan. 4&gt;-Feb. 22, 1865</subfield></datafield><datafield ind1="0" ind2="0" tag="780"><subfield code="t">Iowa citizen (Des Moines, Iowa)</subfield><subfield code="w">(DLC)sn 84027102</subfield></datafield><datafield ind1="0" ind2="0" tag="785"><subfield code="t">Weekly Iowa state register</subfield><subfield code="w">(DLC)sn 82014117</subfield></datafield></record>